@article{greenwade93,
    author  = "George D. Greenwade",
    title   = "The {C}omprehensive {T}ex {A}rchive {N}etwork ({CTAN})",
    year    = "1993",
    journal = "TUGBoat",
    volume  = "14",
    number  = "3",
    pages   = "342--351"
}

@misc{fastica,
author = {Shawhin Talebi},
title = {Independent Component Analysis (ICA)},
howpublished = {\url{https://towardsdatascience.com/independent-component-analysis-ica-a3eba0ccec35}},
note = {Accessed: Nov 2023},
year = {2021}
}
